@inproceedings{lattner2004llvm,
  title={{LLVM}: A compilation framework for lifelong program analysis \& transformation},
  author={Lattner, Chris and Adve, Vikram},
  booktitle={Code Generation and Optimization, 2004. CGO 2004. International Symposium on},
  pages={75--86},
  year={2004},
  organization={IEEE}
},

@article{nvidia_llvm,
    year = {2011},
    month = dec,
    day = {16},
    title = {{Nvidia ditches homegrown C/C++ compiler for LLVM}},
    author = {Timothy Prickett Morgan},
    journal = {{The Register}},
    howpublished = {\url{http://www.theregister.co.uk/2011/12/16/nvidia_llvm_cuda_app_dev/}},
},

@misc{codeviz,
    title = {{CodeViz}: A {C}all{G}raph Visualizer},
    author = {Mel Gorman},
    year = {2013},
    howpublished = {\url{http://www.csn.ul.ie/~mel/projects/codeviz/}},
},

@misc{sparse,
    title = {{S}parse: a Semantic Parser for {C}},
    author = {Linus Torvalds and Josh Triplett and Christopher Li and
            {additional contributors}},
    year = {2013},
    howpublished = {\url{https://sparse.wiki.kernel.org/index.php/Main_Page}},
},

@misc{rust,
    title = {{R}ust, a safe, concurrent, practical language},
    howpublished = {\url{http://www.rust-lang.org/}},
    year = {2013},
},
@misc{kaleidoscope,
    title = {Implementing a language with {LLVM}},
    year = {2013},
    howpublished = {\url{http://llvm.org/docs/tutorial/LangImpl1.html#tutorial-introduction}},
},

@misc{garter,
      title = {Formal syntax for {G}arter, a tiny relative of {P}ython},
      author = {Susan Fox},
},

@misc{mc,
    title ={Intro to the {LLVM} {MC} project},
    year = {2010},
    month = apr,
    author = {Chris Lattner},
    howpublished = {\url{http://blog.llvm.org/2010/04/intro-to-llvm-mc-project.html}}, 
},
